@Misc{曼德博集合,
howpublished = {[EB/OL]},
note = {\url{https://zh.wikipedia.org/wiki/%E6%9B%BC%E5%BE%B7%E5%8D%9A%E9%9B%86%E5%90%88} Accessed May 22, 2022},
title = {曼德博集合},
author = {维基百科}
}

@Misc{本华·曼德博,
howpublished = {[EB/OL]},
note = {\url{https://zh.wikipedia.org/wiki/%E6%9C%AC%E8%8F%AF%C2%B7%E6%9B%BC%E5%BE%B7%E5%8D%9A} Accessed December 26, 2021},
title = {本华·曼德博},
author = {维基百科}
}

@Misc{Mandelbrotset,
howpublished = {[EB/OL]},
note = {\url{https://www.math.univ-toulouse.fr/~cheritat/wiki-draw/index.php/Mandelbrot_set} Accessed October 30, 2016},
title = {Mandelbrot set},
author = {Arnaud Cheritat}
}
